<record><leader>00000cas a2200000 a 4500</leader><controlfield tag="001">5698957</controlfield><controlfield tag="008">791115u1978uuuucauer ne      0   a0eng c</controlfield><datafield ind1=" " ind2=" " tag="010"><subfield code="a">sn 96047412 </subfield></datafield><datafield ind1=" " ind2=" " tag="040"><subfield code="a">HUH</subfield><subfield code="b">eng</subfield><subfield code="c">HUH</subfield><subfield code="d">NSD</subfield><subfield code="d">WAU</subfield><subfield code="d">OCLCQ</subfield><subfield code="d">NVF</subfield><subfield code="d">OCLCO</subfield></datafield><datafield ind1=" " ind2=" " tag="012"><subfield code="i">9612</subfield></datafield><datafield ind1="1" ind2=" " tag="029"><subfield code="a">AU@</subfield><subfield code="b">000025924285</subfield></datafield><datafield ind1="0" ind2=" " tag="041"><subfield code="a">eng</subfield><subfield code="a">chi</subfield></datafield><datafield ind1=" " ind2=" " tag="042"><subfield code="a">pcc</subfield></datafield><datafield ind1=" " ind2=" " tag="043"><subfield code="a">n-us---</subfield></datafield><datafield ind1=" " ind2=" " tag="090"><subfield code="a">D839</subfield><subfield code="b">.U56</subfield></datafield><datafield ind1="0" ind2=" " tag="130"><subfield code="a">Unity (San Francisco, Calif.: English/Chinese edition)</subfield></datafield><datafield ind1="1" ind2="0" tag="245"><subfield code="a">Unity.</subfield></datafield><datafield ind1="1" ind2="5" tag="246"><subfield code="a">Tuan jie bao</subfield></datafield><datafield ind1=" " ind2=" " tag="250"><subfield code="a">English/Chinese ed.</subfield></datafield><datafield ind1=" " ind2=" " tag="260"><subfield code="a">San Francisco :</subfield><subfield code="b">Getting Together Publications,</subfield><subfield code="c">1978-</subfield></datafield><datafield ind1=" " ind2=" " tag="300"><subfield code="a">v. :</subfield><subfield code="b">ill. ;</subfield><subfield code="c">45 cm.</subfield></datafield><datafield ind1=" " ind2=" " tag="310"><subfield code="a">Monthly</subfield></datafield><datafield ind1=" " ind2=" " tag="321"><subfield code="a">Biweekly,</subfield><subfield code="b">Nov. 17/30, 1978-July 3, 1980</subfield></datafield><datafield ind1="0" ind2=" " tag="362"><subfield code="a">Vol. 1, no. 1 (Sept. 1978)-</subfield></datafield><datafield ind1=" " ind2=" " tag="525"><subfield code="a">Supplements with title: Asian/Pacific Islanders accompany some issues.</subfield></datafield><datafield ind1=" " ind2=" " tag="530"><subfield code="a">Available on microfilm;</subfield><subfield code="b">State Historical Society of Wisconsin.</subfield></datafield><datafield ind1=" " ind2=" " tag="546"><subfield code="a">Text in English and Chinese.</subfield></datafield><datafield ind1=" " ind2=" " tag="550"><subfield code="a">"Newspaper of the League of Revolutionary Struggle (M-L)."</subfield></datafield><datafield ind1=" " ind2=" " tag="580"><subfield code="a">Also available in English/Spanish ed.</subfield></datafield><datafield ind1=" " ind2=" " tag="580"><subfield code="a">Formed by the union of: T&#699;uan chieh pao, and: Revolutionary cause.</subfield></datafield><datafield ind1=" " ind2=" " tag="588"><subfield code="a">Latest issue consulted: Vol. 3, no. 16 (Aug. 22-Sept. 11, 1980).</subfield></datafield><datafield ind1=" " ind2="0" tag="650"><subfield code="a">World politics</subfield><subfield code="y">1975-1985</subfield><subfield code="v">Newspapers.</subfield></datafield><datafield ind1=" " ind2="0" tag="650"><subfield code="a">Government, Resistance to</subfield><subfield code="v">Newspapers.</subfield></datafield><datafield ind1=" " ind2="0" tag="650"><subfield code="a">Revoluntionaries</subfield><subfield code="v">Newspapers.</subfield></datafield><datafield ind1=" " ind2="0" tag="651"><subfield code="a">United States</subfield><subfield code="x">Politics and government</subfield><subfield code="y">1977-1981</subfield><subfield code="v">Newspapers.</subfield></datafield><datafield ind1="2" ind2=" " tag="710"><subfield code="a">League of Revolutionary Struggle (M-L)</subfield></datafield><datafield ind1=" " ind2=" " tag="752"><subfield code="a">United States</subfield><subfield code="b">California</subfield><subfield code="c">San Francisco</subfield><subfield code="d">San Francisco.</subfield></datafield><datafield ind1="1" ind2=" " tag="775"><subfield code="t">Unity (San Francisco, Calif. : English/Spanish edition)</subfield><subfield code="x">0740-4603</subfield><subfield code="w">(DLC)sn 83002814</subfield><subfield code="w">(OCoLC)6449602</subfield></datafield><datafield ind1="0" ind2="8" tag="776"><subfield code="i">Microfilm.</subfield><subfield code="s">Unity (San Francisco, Calif.: English/Chinese edition).</subfield><subfield code="t">Unity.</subfield><subfield code="w">(OCoLC)7246406.</subfield></datafield><datafield ind1="1" ind2="4" tag="780"><subfield code="t">Tuan jie bao</subfield><subfield code="w">(OCoLC)2129408</subfield></datafield><datafield ind1="1" ind2="4" tag="780"><subfield code="t">Revolutionary cause</subfield><subfield code="w">(DLC)  2013271019</subfield><subfield code="w">(OCoLC)17153490</subfield></datafield><datafield ind1=" " ind2=" " tag="850"><subfield code="a">WaU</subfield></datafield></record>